@inproceedings{Yu2005,
    author = {Yu, Jia and Buyya, Rajkumar and Tham, {Chen-Khong}},
    title = {{Cost-Based} Scheduling of Scientific Workflow Application on Utility Grids},
    booktitle = {Proceedings of the First International Conference on {e-Science} and Grid Computing},
    year = {2005}
}
